@inproceedings{isola_2011_makes,
  title={What makes an image memorable?},
  author={Isola, Phillip and Xiao, Jianxiong and Torralba, Antonio and Oliva, Aude},
  booktitle={Computer Vision and Pattern Recognition (CVPR), 2011 IEEE Conference on},
  pages={145--152},
  year={2011},
  organization={IEEE}
},

@article{isola_2014_makes,
  title={What makes a photograph memorable?},
  author={Isola, Phillip and Xiao, Jianxiong and Parikh, Devi and Torralba, Antonio and Oliva, Aude},
  journal={IEEE Transactions on Pattern Analysis and Machine Intelligence},
  volume={36},
  number={7},
  pages={1469--1482},
  year={2014},
  publisher={IEEE}
},

@inproceedings{khosla_2015_understanding,
  title={Understanding and predicting image memorability at a large scale},
  author={Khosla, Aditya and Raju, Akhil S and Torralba, Antonio and Oliva, Aude},
  booktitle={Proceedings of the IEEE International Conference on Computer Vision},
  pages={2390--2398},
  year={2015}
},

@article{han_2015_learning,
  title={Learning computational models of video memorability from fMRI brain imaging},
  author={Han, Junwei and Chen, Changyuan and Shao, Ling and Hu, Xintao and Han, Jungong and Liu, Tianming},
  journal={IEEE transactions on cybernetics},
  volume={45},
  number={8},
  pages={1692--1703},
  year={2015},
  publisher={IEEE}
},

@article{shekhar_2017_show,
  title={Show and Recall: Learning What Makes Videos Memorable},
  author={Shekhar, Sumit and Singal, Dhruv and Singh, Harvineet and Kedia, Manav and Shetty, Akhil},
  journal={arXiv preprint arXiv:1707.05357},
  year={2017}
},

@inproceedings{baveye_2016_deep,
  title={Deep Learning for Image Memorability Prediction: the Emotional Bias},
  author={Baveye, Yoann and Cohendet, Romain and Perreira Da Silva, Matthieu and Le Callet, Patrick},
  booktitle={Proceedings of the 2016 ACM on Multimedia Conference},
  pages={491--495},
  year={2016},
  organization={ACM}
},

@article{squalli_2017_deep,
  title={Deep learning for predicting image memorability},
  author={Squalli-Houssaini, Hammad and Duong, Ngoc and Gwena{\"e}lle, Marquant and Demarty, Claire-H{\'e}l{\`e}ne},
  year={2017}
},

@phdthesis{cohendet_2016_prediction,
  title={Pr{\'e}diction computationnelle de la m{\'e}morabilit{\'e} des images: vers une int{\'e}gration des informations extrins{\`e}ques et {\'e}motionnelles},
  author={Cohendet, Romain},
  year={2016},
  school={Nantes}
},

@article{mcgaugh_2000_memory,
  title={Memory--a century of consolidation},
  author={McGaugh, James L},
  journal={Science},
  volume={287},
  number={5451},
  pages={248--251},
  year={2000},
  publisher={American Association for the Advancement of Science}
},

@book{ebbinghaus_1913_memory,
  title={Memory: A contribution to experimental psychology},
  author={Ebbinghaus, Hermann},
  number={3},
  year={1913},
  publisher={University Microfilms}
},

@article{lang_2005_international,
  title={International affective picture system (IAPS): Affective ratings of pictures and instruction manual},
  author={Lang, Peter J},
  journal={Technical report},
  year={2005},
  publisher={University of Florida}
},

@inproceedings{cohendet_2016_using,
  title={Using individual data to characterize emotional user experience and its memorability: Focus on gender factor},
  author={Cohendet, Romain and Gilet, Anne-Laure and Da Silva, Matthieu Perreira and Le Callet, Patrick},
  booktitle={Quality of Multimedia Experience (QoMEX), 2016 Eighth International Conference on},
  pages={1--6},
  year={2016},
  organization={IEEE}
},

@inproceedings{c3d-feat,
 author = {Tran, Du and Bourdev, Lubomir and Fergus, Rob and Torresani, Lorenzo and Paluri, Manohar},
 title = {Learning Spatiotemporal Features with 3D Convolutional Networks},
 booktitle = {Proceedings of the 2015 IEEE International Conference on Computer Vision (ICCV)},
 series = {ICCV '15},
 year = {2015},
 isbn = {978-1-4673-8391-2},
 pages = {4489--4497},
 numpages = {9},
 url = {http://dx.doi.org/10.1109/ICCV.2015.510},
 doi = {10.1109/ICCV.2015.510},
 acmid = {2919929},
 publisher = {IEEE Computer Society},
 address = {Washington, DC, USA},
} 

@inproceedings{audioset-feat,
title = {Audio Set: An ontology and human-labeled dataset for audio events},
author  = {Jort F. Gemmeke and Daniel P. W. Ellis and Dylan Freedman and Aren Jansen and Wade Lawrence and R. Channing Moore and Manoj Plakal and Marvin Ritter},
year  = {2017},
booktitle = {Proc. IEEE ICASSP 2017},
address = {New Orleans, LA}
}

@article{caption-feat,
 author = {Karpathy, Andrej and Fei-Fei, Li},
 title = {Deep Visual-Semantic Alignments for Generating Image Descriptions},
 journal = {IEEE Trans. Pattern Anal. Mach. Intell.},
 issue_date = {April 2017},
 volume = {39},
 number = {4},
 month = apr,
 year = {2017},
 issn = {0162-8828},
 pages = {664--676},
 numpages = {13},
 url = {https://doi.org/10.1109/TPAMI.2016.2598339},
 doi = {10.1109/TPAMI.2016.2598339},
 acmid = {3069250},
 publisher = {IEEE Computer Society},
 address = {Washington, DC, USA},
} 

@inproceedings{sb-feat,
 author = {Borth, Damian and Chen, Tao and Ji, Rongrong and Chang, Shih-Fu},
 title = {SentiBank: Large-scale Ontology and Classifiers for Detecting Sentiment and Emotions in Visual Content},
 booktitle = {Proceedings of the 21st ACM International Conference on Multimedia},
 series = {MM '13},
 year = {2013},
 isbn = {978-1-4503-2404-5},
 location = {Barcelona, Spain},
 pages = {459--460},
 numpages = {2},
 url = {http://doi.acm.org/10.1145/2502081.2502268},
 doi = {10.1145/2502081.2502268},
 acmid = {2502268},
 publisher = {ACM},
 address = {New York, NY, USA},
 keywords = {affect, concept detection, emotion, ontology, sentiment analysis, social multimedia},
} 

@INPROCEEDINGS{vgg16,
author={S. Liu and W. Deng},
booktitle={2015 3rdv IAPR Asian Conference on Pattern Recognition (ACPR)},
title={Very deep convolutional neural network based image classification using small training sample size},
year={2015},
volume={},
number={},
pages={730-734},
keywords={image classification;neural nets;CIFAR-10;D-CNNs;ImageNet datasets;Krizhevsky;VGG-16 network;batch normalization;deep convolutional neural networks;image classification;imagenet large scale visual recognition challenge;Acceleration;Computational modeling;Convolution;Data models;Error analysis;Neural networks;Training},
doi={10.1109/ACPR.2015.7486599},
ISSN={},
month={Nov},}

@article{word2vec,
author = {Mikolov, Tomas and Chen, Kai and Corrado, G.s and Dean, Jeffrey},
year = {2013},
month = {01},
pages = {},
title = {Efficient Estimation of Word Representations in Vector Space},
volume = {2013},
booktitle = {Proceedings of Workshop at ICLR}
}

@ARTICLE{affect,
author={A. Hanjalic and Li-Qun Xu},
journal={IEEE Transactions on Multimedia},
title={Affective video content representation and modeling},
year={2005},
volume={7},
number={1},
pages={143-154},
keywords={cognition;content-based retrieval;emotion recognition;feature extraction;psychology;video databases;affect curve;affective video content representation;arousal tune curve;feature extraction;psychophysiology;two-dimensional emotion space;valence tune curves;video abstraction;video content modeling;video delivery;video highlights extraction;video indexing;Algorithm design and analysis;Content based retrieval;Data mining;Indexing;Information filtering;Information filters;Layout;Mood;Motion pictures;Streaming media},
doi={10.1109/TMM.2004.840618},
ISSN={1520-9210},
month={Feb},}

@incollection{svr,
title = {Support Vector Regression Machines},
author = {Harris Drucker and Burges, Christopher J. C. and Linda Kaufman and Alex J. Smola and Vladimir Vapnik},
booktitle = {Advances in Neural Information Processing Systems 9},
editor = {M. C. Mozer and M. I. Jordan and T. Petsche},
pages = {155--161},
year = {1997},
publisher = {MIT Press},
url = {http://papers.nips.cc/paper/1238-support-vector-regression-machines.pdf}
}

@article{affect-model,
author = {Russell, James},
year = {1980},
month = {12},
pages = {1161-1178},
title = {A Circumplex Model of Affect},
volume = {39},
booktitle = {Journal of Personality and Social Psychology}
}